

@InProceedings{GALA15,
  author = 	 {Bond, D.A. and Loidl, H-W.  and  Louchart, S.},
  title = 	 {{Design and Implementation of the Jomini Engine: Towards a historical Massively Multiplayer Online Role-Playing Game}},
  booktitle = {{The Games and Learning Alliance conference (GALA 2015)}},
  year = 	 2015,
  month = 	 dec,
  address = 	 {Rome, Italy}}

@Misc{JominiEngineURL,
  author = 	 {{H-W. Loidl et al}},
  title = 	 {{The Jomini Engine}},
  year =         {2016},
  howpublished = {Web page},
  note = 	 {accessed: 25 Apr. 2016},
  url =          {http://www.macs.hw.ac.uk/~hwloidl/Projects/JominiEngine/}
}

@Book{hyw,
  author = 	 {Nofi, A.A. and Dunnigan, J.F.},
  title = 	 {{Medieval life and The Hundred Years War}},
  publisher = 	 {DENO Partnership},
  year = 	 1997,
  note = 	 {accessed: 18 Oct. 2015},
  OPTurl = {http://bit.ly/1M4hoNH},
  url = {http://www.hundredyearswar.com/Books/History/1_help_c.htm}
}

@Book{Dunnigan,
  author = 	 {Dunnigan, J.F.},
  title = 	 {{Wargames handbook: How to play and design commercial and professional wargames}},
  publisher = 	 {Writers Club Press, Lincoln},
  year = 	 2000,
  edition = 	 {Third edition}}



@Book{Sabin,
  author = 	 {Sabin, P.},
  title = 	 {{Simulating War: Studying Conflict through Simulation Games}},
  publisher = 	 {Bloomsbury Academic},
  year = 	 2014}

@InBook{McCarthy,
  author = 	 {McCarthy, W.},
  title = 	 {{A Companion to Digital Humanities}},
  chapter = 	 {{Modelling: a Study of Words and Meaning}},
  publisher = 	 {Wiley-Blackwell},
  year = 	 2004,
  pages = 	 {254--269}}

@Book{Kirschenbaum,
  author = 	 {Kirschenbaum, M.},
  title = 	 {{War; what is it good for? Learning from wargaming}},
  publisher = 	 {On-line blog},
  year = 	 2011,
  note = 	 {accessed: 25 Apr. 2015},
  url = {http://www.playthepast.org/?p=1819}
}

@Article{Anderson,
  author = 	 {Anderson, E. F.  and McLoughlin, L. and  Liarokapis, F. and Peters, C. and Petridis, P. and  {de Freitas}, S.},
  title = 	 {{Developing serious games for cultural heritage: a state-of-the-art review.}},
  journal = 	 {Virtual Reality},
  year = 	 2010,
  volume = 	 14,
  number = 	 4,
  pages = 	 {255--275}}

@Misc{ck2,
  key =          {Paradox},
  author = 	 {{Paradox Interactive}},
  title = 	 {{\textit{Crusader Kings 2}}},
  year =         {2016},
  note = 	 {accessed: 25 Apr. 2015},
  url =          {http://www.crusaderkings.com/}
}

@article{ethics,
  title = {{Social Impacts of Computing: Codes of Professional Ethics}},
  author = {Ronald E. Anderson},
  doi = "10.1177/089443939201000402",
  journal = "Social Science Computer Review December",
  year = 1992,
  volume = 10,
  number = 4,
  pages = "453-469"
}

@MISC{WoW,
  title = {{World of Warcraft}},
  author = {{Blizzard Entertainment}},
  journal = "Social Science Computer Review December",
  year = 2004,
  organization = "[PC Computer, Online Game] Blizzard Entertainment",
  location = "Irvine USA: played 12 February 2010",

}


@TECHREPORT{template.1999,
AUTHOR          = "ACM",
TITLE           = "{ACM} {SIG} {PROCEEDINGS} template",
INSTITUTION     = "ACM",
ADDRESS         = "http://www.acm.org/sigs/
                   pubs/proceed/template.html",
YEAR            = 1999,
}


@ARTICLE{conger.1995,
AUTHOR          = "Conger, Sue          AND
                   Loch, Karen D.",
TITLE           = "Ethics and computer use",
JOURNAL         = "Communications of the {ACM}",
VOLUME          = 38,
MONTH           = dec,
YEAR            = 1995,
NUMBER          = 12,
PAGES           = "30--32",
}

@INPROCEEDINGS{mackay.1995,
AUTHOR          = "Mackay, W.E.",
TITLE           = "Ethics, lies and videotape...",
BOOKTITLE       = "Proceedings of {CHI} '95 (Denver CO)",
PUBLISHER       = "ACM Press",
MONTH           = may,
YEAR            = 1995,
PAGES           = "138--145",
}

@TECHREPORT{schwartz.1995,
AUTHOR          = "Schwartz, M.                 AND
                   {Task Force on Bias-Free Language}
                   AND 
                   {There was no third author, but I'm doing this because it was in the Word Doc}",
TITLE           = "Guidelines for Bias-Free Writing",
INSTITUTION     = "Indiana University",
PUBLISHER       = "Indiana University Press, Bloomington IN",
YEAR            = 1995,
}
